%-----------------------------------------------------------------------------%
%                                                                             %
%                             Literature Lectures                             %
%                                                                             %
%                               Achim Ibenthal                                %
%                                                                             %
%                                                                             %
% CONTENT:             BIB Datenbank                                          %
%                                                                             %
% REVISION HISTORY     26-FEB-06: Initial Version                             %
%                      30-MAR-06: Last Update                                 %
%                                                                             %
%-----------------------------------------------------------------------------%


@BOOK{ARRL02,
	AUTHOR       = "Reed (Editor), G. D",
	TITLE        = "The ARRL Handbook for Radio Communications 2003",
	PUBLISHER    = "ARRL - The National Association for Radio Amateurs",
	YEAR         = "2002",
	VOLUME       = "",
	SERIES       = "",
	ADDRESS      = "CT 06111 USA",
	EDITION      = "",
	MONTH        = "",
	NOTE         = ""
}

@MISC{Bu04,
	AUTHOR       = "Buchwald, W.-P.",
	TITLE        = "Nachrichtentechnik",
	HOWPUBLISHED = "Vorlesungsskript FH Braunschweig/Wolfenbüttel",
	YEAR         = "2004",
}

@MISC{Bu05,
	AUTHOR       = "Buchwald, W.-P.",
	TITLE        = "Audio-Video-Systeme 2",
	HOWPUBLISHED = "Vorlesungsskript FH Braunschweig/Wolfenbüttel",
	YEAR         = "2005",
}

@MISC{Farb06,
	AUTHOR       = "Diverse",
	TITLE        = "Farbfernsehen",
	HOWPUBLISHED = "\small{\url{http://de.wikipedia.org/wiki/Farbfernsehen}}",
	MONTH        = "März",
	YEAR         = "2006",
}

@CONFERENCE{Gro04,
	AUTHOR       = "Gross, M.",
	TITLE        = "Grundlagen der Telekommunikation/Telematik",
	BOOKTITLE    = "Vorlesung",
	YEAR         = "2004",
	ORGANIZATION = "Fachhochschule Köln",
}

@MISC{HSV06,
	AUTHOR       = "Diverse",
	TITLE        = "HSV-Farbraum",
	HOWPUBLISHED = "\small{\url{http://de.wikipedia.org/wiki/HSV-Farbraum}}",
	MONTH        = "Februar",
	YEAR         = "2006",
}

@MISC{ITU95,
	TITLE        = "Recommendation ITU-R BT.601-5: Studio Encoding Parameters
                    of Digital Television for Standard 4:3 and Wide-Screen 16:9 
                    Aspect Ratios",
	HOWPUBLISHED = "International Telecommunications Union 
                    - Radiocommunications",
	YEAR         = "1995"
}

@MISC{ITU98,
	TITLE        = "Recommendation ITU-R BT.656-4:
                    Interfaces for Digital Component Video Signals in 525-Line
                    and 625-Line Television Systems Operating at the 4:2:2
                    Level of Recommendation ITU-R BT.601 (Part A)",
	HOWPUBLISHED = "International Telecommunications Union 
                    - Radiocommunications",
	YEAR         = "1998"
}

@ARTICLE{MACA42,
	AUTHOR       = "MacAdam, D.L.",
	TITLE        = "Visual Sensitivities to Color Differences in Daylight",
	JOURNAL      = "J. Opt. Soc. Am.",
	YEAR         = "1942",
	VOLUME       = "32",
	NUMBER       = "247"
}

@MISC{MACA06,
	AUTHOR       = "Diverse",
	TITLE        = "MacAdam Ellipse",
	HOWPUBLISHED = "\small{\url{http://en.wikipedia.org/wiki/MacAdam_ellipse}}",
	MONTH        = "April",
	YEAR         = "2006",
}

@BOOK{Maeu91,
	AUTHOR       = "Mäusl, R.",
	TITLE        = "Fernsehtechnik: Von der Kamera bis zum Bildschirm.",
	PUBLISHER    = "Hüthig Buch Verlag GmbH",
	YEAR         = "1991",
	ADDRESS      = "Heidelberg",
}

@MISC{Nip06,
	AUTHOR       = "Diverse",
	TITLE        = "Nipkow-Scheibe",
	HOWPUBLISHED = "\small{\url{http://de.wikipedia.org/wiki/Nipkow-Scheibe}}",
	MONTH        = "März",
	YEAR         = "2006",
}

@MISC{PAL06,
	AUTHOR       = "Diverse",
	TITLE        = "Phase Alternating Line",
	HOWPUBLISHED = "\small{\url{http://de.wikipedia.org/wiki/Phase_Alternating_Line}}",
	MONTH        = "März",
	YEAR         = "2006",
}

@MISC{RGB06,
	AUTHOR       = "Diverse",
	TITLE        = "RGB-Farbraum",
	HOWPUBLISHED = "\small{\url{http://de.wikipedia.org/wiki/RGB-Farbraum}}",
	MONTH        = "März",
	YEAR         = "2006",
}

@BOOK{ShaWeav76,
	AUTHOR       = "Shannon, C. E. and Weaver, W.",
	TITLE        = "Mathematische Grundlagen der Informationstheorie",
	PUBLISHER    = "R. Oldenbourg Verlag",
	YEAR         = "1976",
}

@MISC{Spek06,
	AUTHOR       = "Unbekannt",
	TITLE        = "Deutsches Elektronen-Synchrotron",
	HOWPUBLISHED = "\small{\url{http://www.desy.de}}",
	MONTH        = "März",
	YEAR         = "2006",
}

@MISC{SRGB06,
	AUTHOR       = "Diverse",
	TITLE        = "SRGB Color Space",
	HOWPUBLISHED = "\small{\url{http://en.wikipedia.org/wiki/SRGB}}",
	MONTH        = "März",
	YEAR         = "2006",
}

@BOOK{We88a,
	AUTHOR       = "Wendland, B.",
	TITLE        = "Fernsehtechnik - Band 1: Grundlagen",
	PUBLISHER    = "Dr. Alfred Hüthig Verlag GmbH Heidelberg",
	YEAR         = "1988",
}

@BOOK{We88b,
	AUTHOR       = "Wendland, B.",
	TITLE        = "Fernsehtechnik - Band 2: Systeme und Komponenten
                    zur Farbbildübertragung",
	PUBLISHER    = "Dr. Alfred Hüthig Verlag GmbH Heidelberg",
	YEAR         = "1988",
}

